<?xml version="1.0" encoding="UTF-8"?><collection xmlns="http://www.loc.gov/MARC21/slim"><record><leader>00610nam--2200193-u-4500</leader><controlfield tag="001">000056482</controlfield><controlfield tag="002">20161230</controlfield><controlfield tag="005">20161230201052</controlfield><controlfield tag="008">151029s1000------------r-----000-0-rus-d</controlfield><datafield ind1=" " ind2=" " tag="040"><subfield code="a">IFIN-HH</subfield></datafield><datafield ind1=" " ind2=" " tag="041"><subfield code="a">rus</subfield></datafield><datafield ind1=" " ind2=" " tag="080"><subfield code="a">53.08</subfield></datafield><datafield ind1="1" ind2=" " tag="100"><subfield code="a">Andronikasvili, E.L</subfield></datafield><datafield ind1="1" ind2="0" tag="245"><subfield code="a">Laboratornie raboti po fizike. mehanikaa, molekuliarnaia fizika, elektricestvo i megnetizm</subfield><subfield code="c">E.l. andronikasvili, g.a. gamtemlize, o.a. kanceli, iu.g. mamaladze</subfield></datafield><datafield ind1=" " ind2=" " tag="260"><subfield code="a">Moskva</subfield><subfield code="b">Fiziko-matematiceskoi Literaturi</subfield><subfield code="c">1961</subfield></datafield><datafield ind1=" " ind2=" " tag="300"><subfield code="a">182P</subfield></datafield><datafield ind1="1" ind2=" " tag="700"><subfield code="a">Mamaladze, Iu.G</subfield></datafield><datafield ind1=" " ind2=" " tag="852"><subfield code="a">76113</subfield><subfield code="c">53.08</subfield></datafield><datafield ind1=" " ind2=" " tag="CAT"><subfield code="a">Sys</subfield><subfield code="c">20151029</subfield><subfield code="h">134907</subfield></datafield></record></collection>